<record><leader>00000cas a2200000 a 4500</leader><controlfield tag="001">27400153</controlfield><controlfield tag="008">930209d18831uuuiluwr ne      0   a0eng c</controlfield><datafield ind1=" " ind2=" " tag="010"><subfield code="a">sn 93055586 </subfield></datafield><datafield ind1=" " ind2=" " tag="040"><subfield code="a">NVF</subfield><subfield code="b">eng</subfield><subfield code="c">NVF</subfield><subfield code="d">OCLCQ</subfield><subfield code="d">NVF</subfield><subfield code="d">OCLCQ</subfield><subfield code="d">OCLCF</subfield><subfield code="d">NVF</subfield><subfield code="d">OCLCO</subfield></datafield><datafield ind1="1" ind2=" " tag="029"><subfield code="a">AU@</subfield><subfield code="b">000020736826</subfield></datafield><datafield ind1=" " ind2=" " tag="042"><subfield code="a">pcc</subfield></datafield><datafield ind1=" " ind2=" " tag="043"><subfield code="a">n-us-il</subfield></datafield><datafield ind1="0" ind2=" " tag="130"><subfield code="a">Independent (Elizabethtown, Ill. : 1884)</subfield></datafield><datafield ind1="1" ind2="0" tag="245"><subfield code="a">Independent.</subfield></datafield><datafield ind1=" " ind2=" " tag="260"><subfield code="a">Elizabethtown, Ill. :</subfield><subfield code="b">Jno. S. Abbott</subfield></datafield><datafield ind1=" " ind2=" " tag="300"><subfield code="a">v.</subfield></datafield><datafield ind1=" " ind2=" " tag="310"><subfield code="a">Weekly</subfield></datafield><datafield ind1="1" ind2=" " tag="362"><subfield code="a">Began in 1883?</subfield></datafield><datafield ind1=" " ind2=" " tag="580"><subfield code="a">Merged with: Star, to form: Independent-star (Elizabethtown, Ill.).</subfield></datafield><datafield ind1=" " ind2=" " tag="588"><subfield code="a">Description based on: Vol. 2, no. 49 (Apr. 17, 1884).</subfield></datafield><datafield ind1=" " ind2=" " tag="588"><subfield code="a">Latest issue consulted: Dec. 1, 1897.</subfield></datafield><datafield ind1=" " ind2="0" tag="651"><subfield code="a">Elizabethtown (Ill.)</subfield><subfield code="v">Newspapers.</subfield></datafield><datafield ind1=" " ind2="7" tag="651"><subfield code="a">Illinois</subfield><subfield code="z">Elizabethtown.</subfield><subfield code="2">fast</subfield><subfield code="0">(OCoLC)fst01203674</subfield></datafield><datafield ind1=" " ind2="7" tag="655"><subfield code="a">Newspapers.</subfield><subfield code="2">fast</subfield><subfield code="0">(OCoLC)fst01423814</subfield></datafield><datafield ind1=" " ind2=" " tag="752"><subfield code="a">United States</subfield><subfield code="b">Illinois</subfield><subfield code="c">Hardin</subfield><subfield code="d">Elizabethtown.</subfield></datafield><datafield ind1="0" ind2="0" tag="780"><subfield code="t">Hardin independent (Elizabethtown, Ill.)</subfield><subfield code="w">(DLC)sn 93055585</subfield><subfield code="w">(OCoLC)27400045</subfield></datafield><datafield ind1="1" ind2="7" tag="785"><subfield code="t">Star</subfield></datafield><datafield ind1="1" ind2="7" tag="785"><subfield code="t">Independent-star (Elizabethtown, Ill.)</subfield><subfield code="w">(DLC)sn 93055587</subfield><subfield code="w">(OCoLC)27400282</subfield></datafield></record>